@book{Nakahara:2003nw,
    author = "Nakahara, M.",
    title = "{Geometry, topology and physics}",
    year = "2003"
}